@INPROCEEDINGS{Miller:Fuzz,
    author = {Barton P. Miller and Lars Fredriksen and Bryan So},
    title = {An Empirical Study of the Reliability of UNIX Utilities},
    booktitle = {In Proceedings of the Workshop of Parallel and Distributed Debugging},
    year = {1990},
    pages = {pages ix--xxi,},
    publisher = {Academic Medicine}
}

@article{King:Symbex,
 author = {King, James C.},
 title = {Symbolic Execution and Program Testing},
 journal = {Commun. ACM},
 issue_date = {July 1976},
 volume = {19},
 number = {7},
 month = jul,
 year = {1976},
 issn = {0001-0782},
 pages = {385--394},
 numpages = {10},
 url = {http://doi.acm.org/10.1145/360248.360252},
 doi = {10.1145/360248.360252},
 acmid = {360252},
 publisher = {ACM},
 address = {New York, NY, USA},
 keywords = {program debugging, program proving, program testing, program verification, symbolic execution, symbolic interpretation},
} 

@inproceedings{Boonstoppel:RAP,
 author = {Boonstoppel, Peter and Cadar, Cristian and Engler, Dawson},
 title = {RWset: Attacking Path Explosion in Constraint-based Test Generation},
 booktitle = {Proceedings of the Theory and Practice of Software, 14th International Conference on Tools and Algorithms for the Construction and Analysis of Systems},
 series = {TACAS'08/ETAPS'08},
 year = {2008},
 isbn = {3-540-78799-2, 978-3-540-78799-0},
 location = {Budapest, Hungary},
 pages = {351--366},
 numpages = {16},
 url = {http://dl.acm.org/citation.cfm?id=1792734.1792770},
 acmid = {1792770},
 publisher = {Springer-Verlag},
 address = {Berlin, Heidelberg},
} 

@inproceedings{chipounov2009selective,
  title={Selective symbolic execution},
  author={Chipounov, Vitaly and Georgescu, Vlad and Zamfir, Cristian and Candea, George},
  booktitle={Proceedings of the 5th Workshop on Hot Topics in System Dependability (HotDep)},
  number={DSLAB-CONF-2009-002},
  year={2009}
}

@article{chipounov2011s2e,
  title={S2E: A platform for in-vivo multi-path analysis of software systems},
  author={Chipounov, Vitaly and Kuznetsov, Volodymyr and Candea, George},
  journal={ACM SIGPLAN Notices},
  volume={46},
  number={3},
  pages={265--278},
  year={2011},
  publisher={ACM}
}

@inproceedings{cadar2006exe,
  title={EXE: A system for automatically generating inputs of death using symbolic execution},
  author={Cadar, Cristian and Ganesh, Vijay and Pawlowski, Peter and Dill, David and Engler, Dawson},
  booktitle={Proceedings of the ACM Conference on Computer and Communications Security},
  year={2006},
  organization={Citeseer}
}

@inproceedings{cadar2008klee,
  title={KLEE: Unassisted and Automatic Generation of High-Coverage Tests for Complex Systems Programs.},
  author={Cadar, Cristian and Dunbar, Daniel and Engler, Dawson R and others},
  booktitle={OSDI},
  volume={8},
  pages={209--224},
  year={2008}
}

@inproceedings{cha2012unleashing,
  title={Unleashing mayhem on binary code},
  author={Cha, Sang Kil and Avgerinos, Thanassis and Rebert, Alexandre and Brumley, David},
  booktitle={Security and Privacy (SP), 2012 IEEE Symposium on},
  pages={380--394},
  year={2012},
  organization={IEEE}
}

@inproceedings{shoshitaishvili2016sok,
  title={SOK:(State of) The Art of War: Offensive Techniques in Binary Analysis},
  author={Shoshitaishvili, Yan and Wang, Ruoyu and Salls, Christopher and Stephens, Nick and Polino, Mario and Dutcher, Andrew and Grosen, John and Feng, Siji and Hauser, Christophe and Kruegel, Christopher and others},
  booktitle={Security and Privacy (SP), 2016 IEEE Symposium on},
  pages={138--157},
  year={2016},
  organization={IEEE}
}

@inproceedings{wang2015similarity,
  title={Similarity-based regression test case prioritization.},
  author={Wang, Rongcun and Jiang, Shujuan and Chen, Deng},
  booktitle={SEKE},
  pages={358--363},
  year={2015}
}

@misc{online:afl,
  title={American Fuzzy Lop},
  author={Micha≈Ç Zalewski},
  howpublished = {\url{http://lcamtuf.coredump.cx/afl/}},
}

@misc{online:manticore,
  title={Manticore: Symbolic execution for humans},
  author={Trail of Bits},
  howpublished = {\url{https://github.com/trailofbits/manticore}},
  year = {2017}
}

@inproceedings{stephens2016driller,
  title={Driller: Augmenting fuzzing through selective symbolic execution},
  author={Stephens, Nick and Grosen, John and Salls, Christopher and Dutcher, Andrew and Wang, Ruoyu and Corbetta, Jacopo and Shoshitaishvili, Yan and Kruegel, Christopher and Vigna, Giovanni},
  booktitle={Proceedings of the Network and Distributed System Security Symposium},
  year={2016}
}

@misc{online:CGC,
  title={Cyber Grand Challenge},
  author={DARPA},
  howpublished = {\url{http://cybergrandchallenge.com}},
}

@inproceedings{bellard2005qemu,
  title={QEMU, a fast and portable dynamic translator.},
  author={Bellard, Fabrice},
  booktitle={USENIX Annual Technical Conference, FREENIX Track},
  pages={41--46},
  year={2005}
}

@inproceedings{lattner2004llvm,
  title={LLVM: A compilation framework for lifelong program analysis \& transformation},
  author={Lattner, Chris and Adve, Vikram},
  booktitle={Proceedings of the international symposium on Code generation and optimization: feedback-directed and runtime optimization},
  pages={75},
  year={2004},
  organization={IEEE Computer Society}
}

@misc{libfuzzer,
  title={LibFuzzer: A Library for Coverage-Guided Fuzz Testing},
  howpublished = {\url{http://llvm.org/docs/LibFuzzer.html}},
}

@inproceedings{dolan2016lava,
  title={LAVA: Large-scale automated vulnerability addition},
  author={Dolan-Gavitt, Brendan and Hulin, Patrick and Kirda, Engin and Leek, Tim and Mambretti, Andrea and Robertson, Wil and Ulrich, Frederick and Whelan, Ryan},
  booktitle={Security and Privacy (SP), 2016 IEEE Symposium on},
  pages={110--121},
  year={2016},
  organization={IEEE}
}

@MISC{Shoshitaishvili_firmalice-automatic,
    author = {Yan Shoshitaishvili and Ruoyu Wang and Christophe Hauser and Christopher Kruegel and Giovanni Vigna},
    title = {Firmalice- Automatic Detection of Authentication Bypass Vulnerabilities in Binary Firmware},
    year = {}
}

@article{patra2016learning,
  title={Learning to Fuzz: Application-Independent Fuzz Testing with Probabilistic, Generative Models of Input Data},
  author={Patra, Jibesh and Pradel, Michael},
  year={2016}
}

@ARTICLE{5010257,
author={J. W. Duran and S. C. Ntafos},
journal={IEEE Transactions on Software Engineering},
title={An Evaluation of Random Testing},
year={1984},
volume={SE-10},
number={4},
pages={438-444},
keywords={Costs;Design methodology;Performance evaluation;Probability;Software testing;Software tools;Partition testing;path testing;random testing;software testing experiments},
doi={10.1109/TSE.1984.5010257},
ISSN={0098-5589},
month={July}
}

@book{sutton2007fuzzing,
  title={Fuzzing: brute force vulnerability discovery},
  author={Sutton, Michael and Greene, Adam and Amini, Pedram},
  year={2007},
  publisher={Pearson Education}
}

@article{neystadt2008automated,
  title={Automated penetration testing with white-box fuzzing},
  author={Neystadt, John},
  journal={MSDN Library},
  year={2008}
}

@article{godefroid2008automating,
  title={Automating software testing using program analysis},
  author={Godefroid, Patrice and de Halleux, Peli and Nori, Aditya V and Rajamani, Sriram K and Schulte, Wolfram and Tillmann, Nikolai and Levin, Michael Y},
  journal={IEEE software},
  volume={25},
  number={5},
  year={2008},
  publisher={IEEE}
}

@inproceedings{ganesh2009taint,
  title={Taint-based directed whitebox fuzzing},
  author={Ganesh, Vijay and Leek, Tim and Rinard, Martin},
  booktitle={Proceedings of the 31st International Conference on Software Engineering},
  pages={474--484},
  year={2009},
  organization={IEEE Computer Society}
}

@inproceedings{cadar2011symbolic,
  title={Symbolic execution for software testing in practice: preliminary assessment},
  author={Cadar, Cristian and Godefroid, Patrice and Khurshid, Sarfraz and P{\u{a}}s{\u{a}}reanu, Corina S and Sen, Koushik and Tillmann, Nikolai and Visser, Willem},
  booktitle={Proceedings of the 33rd International Conference on Software Engineering},
  pages={1066--1071},
  year={2011},
  organization={ACM}
}

@article{rawat2017vuzzer,
  title={VUzzer: Application-aware Evolutionary Fuzzing},
  author={Rawat, Sanjay and Jain, Vivek and Kumar, Ashish and Cojocar, Lucian and Giuffrida, Cristiano and Bos, Herbert},
  year={2017}
}

@inproceedings{yeh2015craxfuzz,
  title={CRAXfuzz: Target-Aware Symbolic Fuzz Testing},
  author={Yeh, Chao-Chun and Chung, Hsiang and Huang, Shih-Kun},
  booktitle={Computer Software and Applications Conference (COMPSAC), 2015 IEEE 39th Annual},
  volume={2},
  pages={460--471},
  year={2015},
  organization={IEEE}
}

@inproceedings{majumdar2007hybrid,
  title={Hybrid concolic testing},
  author={Majumdar, Rupak and Sen, Koushik},
  booktitle={Software Engineering, 2007. ICSE 2007. 29th International Conference on},
  pages={416--426},
  year={2007},
  organization={IEEE}
}

@phdthesis{pak2012hybrid,
  title={Hybrid fuzz testing: Discovering software bugs via fuzzing and symbolic execution},
  author={Pak, Brian S},
  year={2012},
  school={Carnegie Mellon University Pittsburgh, PA}
}

@article{baldoni2016survey,
  title={A Survey of Symbolic Execution Techniques},
  author={Baldoni, Roberto and Coppa, Emilio and D'Elia, Daniele Cono and Demetrescu, Camil and Finocchi, Irene},
  journal={arXiv preprint arXiv:1610.00502},
  year={2016}
}

